@misc{wiki:Domain_Name_System,
  author       = {Wikipedia},
  title        = {{Domain Name System} --- {W}ikipedia{,} The Free Encyclopedia},
  year         = {2021},
  howpublished = {\url{http://en.wikipedia.org/w/index.php?title=Domain\%20Name\%20System&oldid=1043354564}},
  note         = {[Online; accessed 21-September-2021]}
}